<record><leader>00000cas a22000007a 4500</leader><controlfield tag="001">12827836</controlfield><controlfield tag="008">851121d188u1903pauwr ne      0    0eng d</controlfield><datafield ind1=" " ind2=" " tag="010"><subfield code="a">sn 86063581 </subfield></datafield><datafield ind1=" " ind2=" " tag="040"><subfield code="a">NPH</subfield><subfield code="b">eng</subfield><subfield code="c">NPH</subfield><subfield code="d">NPT</subfield><subfield code="d">NPH</subfield><subfield code="d">OCLCQ</subfield></datafield><datafield ind1=" " ind2=" " tag="042"><subfield code="a">msc</subfield></datafield><datafield ind1="0" ind2=" " tag="130"><subfield code="a">Times (Newville, Pa.)</subfield></datafield><datafield ind1="1" ind2="4" tag="245"><subfield code="a">The Times.</subfield></datafield><datafield ind1="1" ind2="3" tag="246"><subfield code="a">Newville times</subfield><subfield code="f">&lt;Mar. 18, 1891-Nov. 16, 1892&gt;</subfield></datafield><datafield ind1=" " ind2=" " tag="260"><subfield code="a">Newville, Pa. :</subfield><subfield code="b">[s.n.],</subfield><subfield code="c">-1903.</subfield></datafield><datafield ind1=" " ind2=" " tag="300"><subfield code="a">v. :</subfield><subfield code="b">ill. (chiefly advertisements) ;</subfield><subfield code="c">61 cm.</subfield></datafield><datafield ind1=" " ind2=" " tag="310"><subfield code="a">Weekly</subfield></datafield><datafield ind1="0" ind2=" " tag="362"><subfield code="a">-v. 22, no. 1 (Apr. 23, 1903).</subfield></datafield><datafield ind1=" " ind2=" " tag="500"><subfield code="a">Editor and manager: J.W. Strohm.</subfield></datafield><datafield ind1=" " ind2=" " tag="588"><subfield code="a">Description based on: Vol. 7, no. 1 (May 3, 1888).</subfield></datafield><datafield ind1=" " ind2=" " tag="752"><subfield code="a">United States</subfield><subfield code="b">Pennsylvania</subfield><subfield code="c">Cumberland</subfield><subfield code="d">Newville.</subfield></datafield><datafield ind1="0" ind2="0" tag="780"><subfield code="t">Newville times</subfield><subfield code="w">(OCoLC)21170946</subfield></datafield><datafield ind1="0" ind2="0" tag="785"><subfield code="t">Valley times (Newville, Pa.)</subfield><subfield code="w">(OCoLC)12827854</subfield></datafield></record>